<?xml version="1.0" encoding="UTF-8"?><collection xmlns="http://www.loc.gov/MARC21/slim"><record><leader>00451nam--2200121-i-4500</leader><controlfield tag="001">000046254</controlfield><controlfield tag="002">20161230</controlfield><controlfield tag="005">20161230201045</controlfield><controlfield tag="008">060222s1000------------r-----000-0-eng-d</controlfield><datafield ind1=" " ind2=" " tag="080"><subfield code="a">621.039.543.4:546.791</subfield></datafield><datafield ind1=" " ind2=" " tag="245"><subfield code="a">Uranium. ressources, production et demande. septembre 1970. rapport etabli conjointement par l`agence europeenne pour l`energie nucleaire et l`agence internationale de l`energie atomique</subfield></datafield><datafield ind1=" " ind2=" " tag="260"><subfield code="a">Paris, Ocde, 1970, 61p</subfield></datafield><datafield ind1=" " ind2=" " tag="852"><subfield code="a">33948</subfield></datafield></record></collection>